
@article{pedrosa2021general,
  title={A general approach to hand--eye calibration through the optimization of atomic transformations},
  author={Pedrosa, Eurico and Oliveira, Miguel and Lau, Nuno and Santos, V{\'\i}tor},
  journal={IEEE Transactions on Robotics},
  volume={37},
  number={5},
  pages={1619--1633},
  year={2021},
  publisher={IEEE}
}
@article{PINTODEAGUIAR2021114894,
title = {A Camera to LiDAR calibration approach through the Optimization of Atomic Transformations},
journal = {Expert Systems with Applications},
pages = {114894},
year = {2021},
issn = {0957-4174},
doi = {https://doi.org/10.1016/j.eswa.2021.114894},
url = {https://www.sciencedirect.com/science/article/pii/S0957417421003353},
author = {André Silva {Pinto de Aguiar} and Miguel Armando {Riem de Oliveira} and Eurico Farinha Pedrosa and Filipe Baptista {Neves dos Santos}},
keywords = {Computer Vision},
}

@article{rato2022sensor,
  title={A sensor-to-pattern calibration framework for multi-modal industrial collaborative cells},
  author={Rato, Daniela and Oliveira, Miguel and Santos, V{\'\i}tor and Gomes, Manuel and Sappa, Angel},
  journal={Journal of Manufacturing Systems},
  volume={64},
  pages={497--507},
  year={2022},
  publisher={Elsevier}
}

@article{oliveira2022atom,
  title={ATOM: A general calibration framework for multi-modal, multi-sensor systems},
  author={Oliveira, Miguel and Pedrosa, Eurico and de Aguiar, Andr{\'e} Pinto and Rato, Daniela Ferreira Pinto Dias and dos Santos, Filipe Neves and Dias, Paulo and Santos, Vitor},
  journal={Expert Systems with Applications},
  volume={207},
  pages={118000},
  year={2022},
  publisher={Elsevier}
}

@article{OLIVEIRA2020103558,
title = {A ROS framework for the extrinsic calibration of intelligent vehicles: A multi-sensor, multi-modal approach},
journal = {Robotics and Autonomous Systems},
volume = {131},
pages = {103558},
year = {2020},
url = {https://www.sciencedirect.com/science/article/pii/S0921889020303985},
author = {Miguel Oliveira and Afonso Castro and Tiago Madeira and Eurico Pedrosa and Paulo Dias and Vítor Santos},
}  
% ------------------------------------------------------------------------------
% ------------------------------------------------------------------------------
% ------------------------------------------------------------------------------
% ------------------------------------------------------------------------------
% ------------------------------------------------------------------------------
@book{bookRI,
author = {Santos, Vitor},
year = {2021},
month = {09},
pages = {},
title = {Robótica Industrial ISBN 9798470370495},
isbn = {9798470370495}
}

@misc{Wikipedia_2024, url={https://en.wikipedia.org/wiki/Distortion_(optics)},
  journal={Wikipedia}, publisher={Wikimedia Foundation}, year={2024},
  month={Apr}} 

@article{hockstein2007history,
  title={A history of robots: from science fiction to surgical robotics},
  author={Hockstein, Neil and Gourin, CG and Faust, RA and Terris, David J},
  journal={Journal of robotic surgery},
  volume={1},
  pages={113--118},
  year={2007},
  publisher={Springer}
}

@article{raj2022comprehensive,
  title={A comprehensive study of mobile robot: History, developments, applications, and future research perspectives},
  author={Raj, Ravi and Kos, Andrzej},
  journal={Applied Sciences},
  volume={12},
  number={14},
  pages={6951},
  year={2022},
  publisher={MDPI}
}
@misc{industrytrends,
  url={https://www.automate.org/industry-insights/industry-trends-and-market-potential-what-s-next},
  journal={Industry insights: Industry trends and market potential – what’s next? | Robotic Industries Association}} 

@phdthesis{chatterjee2015geometric,
  title={Geometric calibration and Shape Refinement for 3D Reconstruction},
  author={Chatterjee, Avishek},
  year={2015},
  school={PhD Thesis Report}
}

@article{hawkins2004problem,
  title={The problem of overfitting},
  author={Hawkins, Douglas},
  journal={Journal of chemical information and computer sciences},
  volume={44},
  number={1},
  pages={1--12},
  year={2004},
  publisher={ACS Publications}
}
@misc{rosCamera_calibrationWiki,
	author = {},
	title = {camera\_calibration},
	howpublished = {\url{http://wiki.ros.org/camera_calibration}},
	year = {},
	note = {[Accessed 25-05-2024]},
}

@article{gao2003complete,
  title={Complete solution classification for the perspective-three-point problem},
  author={Gao, Xiao and Hou, Xiao-Rong and Tang, Jianliang and Cheng, Hang-Fei},
  journal={IEEE transactions on pattern analysis and machine intelligence},
  volume={25},
  number={8},
  pages={930--943},
  year={2003},
  publisher={IEEE}
}

@article{rottmann2020ros,
  title={Ros-mobile: An android application for the robot operating system},
  author={Rottmann, Nils and Studt, Nico and Ernst, Floris and Rueckert, Elmar},
  journal={arXiv preprint arXiv:2011.02781},
  year={2020}
}
@misc{githubGitHubROBOTISGITturtlebot3,
	author = {},
	title = {{G}it{H}ub - {R}{O}{B}{O}{T}{I}{S}-{G}{I}{T}/turtlebot3: {R}{O}{S} packages for {T}urtlebot3 --- github.com},
	howpublished = {\url{https://github.com/ROBOTIS-GIT/turtlebot3}},
	year = {},
	note = {[Accessed 26-05-2024]},
}

@article{szeghalmy2023comparative,
  title={A comparative study of the use of stratified cross-validation and distribution-balanced stratified cross-validation in imbalanced learning},
  author={Szeghalmy, Szilvia and Fazekas, Attila},
  journal={Sensors},
  volume={23},
  number={4},
  pages={2333},
  year={2023},
  publisher={MDPI}
}

@article{wang2020new,
  title={New insights on multi-solution distribution of the P3P problem},
  author={Wang, Bo and Hu, Hao and Zhang, Caixia},
  journal={Image and Vision Computing},
  volume={103},
  pages={104009},
  year={2020},
  publisher={Elsevier}
}

@article{giacomini2024ca2lib,
  title={Ca2Lib: Simple and Accurate LiDAR-RGB Calibration Using Small Common Markers},
  author={Giacomini, Emanuele and Brizi, Leonardo and Di Giammarino, Luca and Salem, Omar and Perugini, Patrizio and Grisetti, Giorgio},
  journal={Sensors},
  volume={24},
  number={3},
  pages={956},
  year={2024},
  publisher={MDPI}
}

@misc{atom_calib_wiki,
	author = {},
	title = {Atom Calibration Framework Wiki},
	howpublished = {\url{https://lardemua.github.io/atom_documentation/\#calibration-pipeline}},
	year = {},
	note = {[Accessed 30-05-2024]},
}

@article{mu2020canopy,
  title={Canopy lidar point cloud data k-means clustering watershed segmentation method.},
  author={Mu, Y and Zhou, G and Wang, H},
  journal={ISPRS Annals of the Photogrammetry, Remote Sensing and Spatial Information Sciences},
  volume={6},
  pages={67--73},
  year={2020},
  publisher={Copernicus Publications G{\"o}ttingen, Germany}
}

@article{dattner2015model,
  title={A model-based initial guess for estimating parameters in systems of ordinary differential equations},
  author={Dattner, Itai},
  journal={Biometrics},
  volume={71},
  number={4},
  pages={1176--1184},
  year={2015},
  publisher={Oxford University Press}
}


@article{aqel2016review,
  title={Review of visual odometry: types, approaches, challenges, and applications},
  author={Aqel, Mohammad and Marhaban, Mohammad H and Saripan, M Iqbal and Ismail, Napsiah Bt},
  journal={SpringerPlus},
  volume={5},
  pages={1--26},
  year={2016},
  publisher={Springer}
}

@inproceedings{quigley2009ros,
  title={ROS: an open-source Robot Operating System},
  author={Quigley, Morgan and Conley, Ken and Gerkey, Brian and Faust, Josh and Foote, Tully and Leibs, Jeremy and Wheeler, Rob and Ng, Andrew Y and others},
  booktitle={ICRA workshop on open source software},
  volume={3},
  number={3.2},
  pages={5},
  year={2009},
  organization={Kobe, Japan}
}

@article{yeong2021sensor,
  title={Sensor and sensor fusion technology in autonomous vehicles: A review},
  author={Yeong,Jong and Velasco-Hernandez, Gustavo and Barry, John and Walsh, Joseph},
  journal={Sensors},
  volume={21},
  number={6},
  pages={2140},
  year={2021},
  publisher={MDPI}
}

@article{horaud1995hand,
  title={Hand-eye calibration},
  author={Horaud, Radu and Dornaika, Fadi},
  journal={The international journal of robotics research},
  volume={14},
  number={3},
  pages={195--210},
  year={1995},
  publisher={Sage Publications Sage CA: Thousand Oaks, CA}
}

@inproceedings{sousa2020evolution,
  title={Evolution of odometry calibration methods for ground mobile robots},
  author={Sousa, Ricardo B and Petry, Marcelo R and Moreira, Ant{\'o}nio Paulo},
  booktitle={2020 IEEE International Conference on Autonomous Robot Systems and Competitions (ICARSC)},
  pages={294--299},
  year={2020},
  organization={IEEE}
}

@inproceedings{shah2012overview,
  title={An overview of robot-sensor calibration methods for evaluation of perception systems},
  author={Shah, Mili and Eastman, Roger D and Hong, Tsai},
  booktitle={Proceedings of the Workshop on Performance Metrics for Intelligent Systems},
  pages={15--20},
  year={2012}
}

@article{vsenk2006rotation,
  title={Rotation sequence as an important factor in shoulder kinematics},
  author={{\v{S}}enk, Miroslav and Cheze, Laurence},
  journal={Clinical biomechanics},
  volume={21},
  pages={S3--S8},
  year={2006},
  publisher={Elsevier}
}

@inproceedings{de2023turn,
  title={How to turn your camera into a perfect pinhole model},
  author={De Boi, Ivan and Pathak, Stuti and Oliveira, Marina and Penne, Rudi},
  booktitle={Iberoamerican Congress on Pattern Recognition},
  pages={90--107},
  year={2023},
  organization={Springer}
}

@article{waleed2024camera,
  title={Camera Calibration through Geometric Constraints from Rotation and Projection Matrices},
  author={Waleed, Muhammad and Rauf, Abdul and Taj, Murtaza},
  journal={arXiv preprint arXiv:2402.08437},
  year={2024}
}

@article{albonico2023software,
  title={Software engineering research on the Robot Operating System: A systematic mapping study},
  author={Albonico, Michel and {\DJ}or{\dj}evi{\'c}, Milica and Hamer, Engel and Malavolta, Ivano},
  journal={Journal of Systems and Software},
  volume={197},
  pages={111574},
  year={2023},
  publisher={Elsevier}
}
@article{zhang2000flexible,
  title={A flexible new technique for camera calibration},
  author={Zhang, Zhengyou},
  journal={IEEE Transactions on pattern analysis and machine intelligence},
  volume={22},
  number={11},
  pages={1330--1334},
  year={2000},
  publisher={IEEE}
}

@ARTICLE{mirzaei,
  author={Mirzaei, Faraz M. and Roumeliotis, Stergios I.},
  journal={IEEE Transactions on Robotics}, 
  title={A Kalman Filter-Based Algorithm for IMU-Camera Calibration: Observability Analysis and Performance Evaluation}, 
  year={2008},
  volume={24},
  number={5},
}


@INPROCEEDINGS{scaramuzza,
  author={Scaramuzza, D. and Martinelli, A. and Siegwart, R.},
  booktitle={Fourth IEEE International Conference on Computer Vision Systems (ICVS'06)}, 
  title={A Flexible Technique for Accurate Omnidirectional Camera Calibration and Structure from Motion}, 
  year={2006},
  volume={},
  number={},
  pages={45-45} 
}

@inproceedings{oliveira2020general,
  title={A general approach to the extrinsic calibration of intelligent vehicles using ROS},
  author={Oliveira, Miguel and Castro, Afonso and Madeira, Tiago and Dias, Paulo and Santos, Vitor},
  booktitle={Robot 2019: Fourth Iberian Robotics Conference: Advances in Robotics, Volume 1},
  pages={203--215},
  year={2020},
  organization={Springer}
}

@article{ali2019methods,
  title={Methods for simultaneous robot-world-hand--eye calibration: A comparative study},
  author={Ali, Ihtisham and Suominen, Olli and Gotchev, Atanas and Morales, Emilio Ruiz},
  journal={Sensors},
  volume={19},
  number={12},
  pages={2837},
  year={2019},
  publisher={MDPI}
}
@ARTICLE{Li20239949,
	author = {Li, Xingchen and Xiao, Yuxuan and Wang, Beibei and Ren, Haojie and Zhang, Yanyong and Ji, Jianmin},
	title = {Automatic targetless LiDAR–camera calibration: a survey},
	year = {2023},
	journal = {Artificial Intelligence Review},
	volume = {56},
	number = {9},
	pages = {9949 – 9987},
	url = {https://www.scopus.com/inward/record.uri?eid=2-s2.0-85142455606&doi=10.1007%2fs10462-022-10317-y&partnerID=40&md5=df3ebdb2e0d834830e807b82cfb12bf2},
	type = {Article},
	source = {Scopus},
	note = {Cited by: 11; All Open Access, Green Open Access}
}

@article{charron2023target,
  title={A Target-Based Extrinsic Calibration Framework for Non-Overlapping Camera-Lidar Systems Using a Motion Capture System},
  author={Charron, Nicholas and Waslander, Steven L and Narasimhan, Sriram},
  journal={arXiv preprint arXiv:2303.10729},
  year={2023}
}
@misc{genovese2024singleimage,
      title={Single-image camera calibration with model-free distortion correction}, 
      author={Katia Genovese},
      year={2024},
      eprint={2403.01263},
      archivePrefix={arXiv},
      primaryClass={cs.CV}
}

@article{grammatikopoulos2019camera,
  title={Camera calibration using multiple unordered coplanar chessboards},
  author={Grammatikopoulos, L and Adam, K and Petsa, E and Karras, G},
  journal={The International Archives of the Photogrammetry, Remote Sensing and Spatial Information Sciences},
  volume={42},
  pages={59--66},
  year={2019},
  publisher={Copernicus GmbH}
}

@inproceedings{hu2019deep,
  title={Deep charuco: Dark charuco marker pose estimation},
  author={Hu, Danying and DeTone, Daniel and Malisiewicz, Tomasz},
  booktitle={Proceedings of the IEEE/CVF Conference on computer vision and pattern recognition},
  pages={8436--8444},
  year={2019}
}

@article{an2018charuco,
  title={Charuco board-based omnidirectional camera calibration method},
  author={An, Gwon Hwan and Lee, Siyeong and Seo, Min-Woo and Yun, Kugjin and Cheong, Won-Sik and Kang, Suk-Ju},
  journal={Electronics},
  volume={7},
  number={12},
  pages={421},
  year={2018},
  publisher={MDPI}
}

@inproceedings{kwon2018automatic,
  title={Automatic sphere detection for extrinsic calibration of multiple RGBD cameras},
  author={Kwon, Young Chan and Jang, Jae Won and Choi, Ouk},
  booktitle={2018 18th International Conference on Control, Automation and Systems (ICCAS)},
  pages={1451--1454},
  year={2018},
  organization={IEEE}
}

@inproceedings{guindel2017automatic,
  title={Automatic extrinsic calibration for lidar-stereo vehicle sensor setups},
  author={Guindel, Carlos and Beltr{\'a}n, Jorge and Mart{\'\i}n, David and Garc{\'\i}a, Fernando},
  booktitle={2017 IEEE 20th international conference on intelligent transportation systems (ITSC)},
  pages={1--6},
  year={2017},
  organization={IEEE}
}

@article{du2013online,
  title={Online robot calibration based on vision measurement},
  author={Du, Guanglong and Zhang, Ping},
  journal={Robotics and Computer-Integrated Manufacturing},
  volume={29},
  number={6},
  pages={484--492},
  year={2013},
  publisher={Elsevier}
}

@inproceedings{levinson2013automatic,
  title={Automatic online calibration of cameras and lasers.},
  author={Levinson, Jesse and Thrun, Sebastian},
  booktitle={Robotics: science and systems},
  volume={2},
  number={7},
  year={2013},
  organization={Citeseer}
}

@INPROCEEDINGS{onlinemarker,
  author={Kroeger, Ole and Huegle, Johannes and Niebuhr, Carsten A.},
  booktitle={2019 24th IEEE International Conference on Emerging Technologies and Factory Automation (ETFA)}, 
  title={An automatic calibration approach for a multi-camera-robot system}, 
  year={2019},
  volume={},
  number={},
  pages={1515-1518},
  keywords={Calibration;Cameras;Robot kinematics;Robot vision systems;Measurement uncertainty;Three-dimensional displays;Camera calibration;Eye-to-hand calibration;Vision-based industrial robot;ArUco marker;ChArUco board},
  doi={10.1109/ETFA.2019.8869522}}

@INPROCEEDINGS{stereo1,
  author={Mueller, Georg R. and Wuensche, Hans-Joachim},
  booktitle={2017 IEEE 20th International Conference on Intelligent Transportation Systems (ITSC)}, 
  title={Continuous stereo camera calibration in urban scenarios}, 
  year={2017},
  volume={},
  number={},
  pages={1-6},
  keywords={Cameras;Calibration;Heuristic algorithms;Robot vision systems;Three-dimensional displays;Vehicle dynamics;Prediction algorithms},
  doi={10.1109/ITSC.2017.8317675}}

@article{dinh2018rectification,
  title={Rectification using different types of cameras attached to a vehicle},
  author={Dinh, Vinh Quang and Nguyen, Tien Phuoc and Jeon, Jae Wook},
  journal={IEEE transactions on image processing},
  volume={28},
  number={2},
  pages={815--826},
  year={2018},
  publisher={IEEE}
}
@Article{rgbdLi,
AUTHOR = {Li, Wenbin and Li, Yaxin and Darwish, Walid and Tang, Shengjun and Hu, Yuling and Chen, Wu},
TITLE = {A Range-Independent Disparity-Based Calibration Model for Structured Light Pattern-Based RGBD Sensor},
JOURNAL = {Sensors},
VOLUME = {20},
YEAR = {2020},
NUMBER = {3},
}


@INPROCEEDINGS{huangrgblidar,
  author={Huang, Lili and Barth, Matthew},
  booktitle={2009 IEEE Intelligent Vehicles Symposium}, 
  title={A novel multi-planar LIDAR and computer vision calibration procedure using 2D patterns for automated navigation}, 
  year={2009},
  volume={},
  number={},
  pages={117-122},
  keywords={Laser radar;Computer vision;Calibration;Navigation;Cameras;Image resolution;Nonlinear equations;Machine vision;Costs;Computer simulation},
  doi={10.1109/IVS.2009.5164263}}

@ARTICLE{imurgbcal,
  author={Chu, Chengbing and Yang, Shidong},
  journal={IEEE Sensors Journal}, 
  title={Keyframe-Based RGB-D Visual-Inertial Odometry and Camera Extrinsic Calibration Using Extended Kalman Filter}, 
  year={2020},
  volume={20},
  number={11},
  pages={6130-6138},
  keywords={Cameras;Sensors;Gravity;Calibration;Radio frequency;Kalman filters;Gyroscopes;Visual-inertial odometry (VIO);RGB-D camera;inertial measurement unit (IMU);extended Kalman filter (EKF)},
  doi={10.1109/JSEN.2020.2972575}}

@article{tsai1989new,
  title={A new technique for fully autonomous and efficient 3 d robotics hand/eye calibration},
  author={Tsai, Roger Y and Lenz, Reimar K and others},
  journal={IEEE Transactions on robotics and automation},
  volume={5},
  number={3},
  pages={345--358},
  year={1989}
}

@ARTICLE{handeye_2,
  author={Hanqi Zhuang and Roth, Z.S. and Sudhakar, R.},
  journal={IEEE Transactions on Robotics and Automation}, 
  title={Simultaneous robot/world and tool/flange calibration by solving homogeneous transformation equations of the form AX=YB}, 
  year={1994},
  volume={10},
  number={4},
  pages={549-554},
  keywords={Flanges;Calibration;Robot kinematics;Robot sensing systems;Computational geometry;Equations;Quaternions;Algebra;Sufficient conditions;Robustness},
  doi={10.1109/70.313105}}

@article{daniilidis1999hand,
  title={Hand-eye calibration using dual quaternions},
  author={Daniilidis, Konstantinos},
  journal={The International Journal of Robotics Research},
  volume={18},
  number={3},
  pages={286--298},
  year={1999},
  publisher={SAGE Publications}
}

@article{shiu1987calibration,
  title={Calibration of wrist-mounted robotic sensors by solving homogeneous transform equations of the form AX= XB},
  author={Shiu, Yiu Cheung and Ahmad, Shaheen},
  year={1987}
}

@INPROCEEDINGS{aimultimodal,
  author={Schneider, Nick and Piewak, Florian and Stiller, Christoph and Franke, Uwe},
  booktitle={2017 IEEE Intelligent Vehicles Symposium (IV)}, 
  title={RegNet: Multimodal sensor registration using deep neural networks}, 
  year={2017},
  volume={},
  number={},
  pages={1803-1810},
  keywords={Calibration;Feature extraction;Laser radar;Cameras;Sensor systems;Neural networks},
  doi={10.1109/IVS.2017.7995968}}


@ARTICLE{borenstein,
  author={Borenstein, J. and Liqiang Feng},
  journal={IEEE Transactions on Robotics and Automation}, 
  title={Measurement and correction of systematic odometry errors in mobile robots}, 
  year={1996},
  volume={12},
  number={6},
  pages={869-880},
  keywords={Error correction;Mobile robots;Satellite navigation systems;Wheels;Frequency measurement;Calibration;Costs;Manufacturing;Monitoring;Intelligent robots},
  doi={10.1109/70.544770}}

@INPROCEEDINGS{kalman1,
  author={Martinelli, A. and Tomatis, N. and Tapus, A. and Siegwart, R.},
  booktitle={Proceedings 2003 IEEE/RSJ International Conference on Intelligent Robots and Systems (IROS 2003) (Cat. No.03CH37453)}, 
  title={Simultaneous localization and odometry calibration for mobile robot}, 
  year={2003},
  volume={2},
  number={},
  pages={1499-1504 vol.2},
  keywords={Calibration;Mobile robots;Filters;Navigation;Robot sensing systems;Robotics and automation;State estimation;Covariance matrix;Laboratories;System testing},
  doi={10.1109/IROS.2003.1248856}}

@inproceedings{martinelli2003simultaneous,
  title={Simultaneous localization and odometry calibration for mobile robot},
  author={Martinelli, Agostino and Tomatis, Nicola and Tapus, Adriana and Siegwart, Roland},
  booktitle={Proceedings 2003 IEEE/RSJ international conference on intelligent robots and systems (IROS 2003)(Cat. No. 03CH37453)},
  volume={2},
  pages={1499--1504},
  year={2003},
  organization={IEEE}
}

@inproceedings{ivanjko2007simple,
  title={Simple off-line odometry calibration of differential drive mobile robots},
  author={Ivanjko, Edouard and Komsic, Ivan and Petrovic, Ivan},
  booktitle={Proceedings of 16th Int. Workshop on Robotics in Alpe-Adria-Danube Region-RAAD},
  pages={164--169},
  year={2007}
}

@article{maddahi2012calibration,
  title={Calibration of wheeled mobile robots with differential drive mechanisms: An experimental approach},
  author={Maddahi, Yaser and Sepehri, Nariman and Maddahi, Ali and Abdolmohammadi, M},
  journal={Robotica},
  volume={30},
  number={6},
  pages={1029--1039},
  year={2012},
  publisher={Cambridge University Press}
}

@phdthesis{petry2013vision,
  title={A vision-based approach towards robust localization for intelligent wheelchairs},
  author={Petry, Marcelo Roberto},
  year={2013},
  school={Universidade do Porto (Portugal)}
}

@article{fontes2022visual,
  title={Visual Odometry for RGB-D Cameras},
  author={Fontes, Afonso and Maia, Jos{\'e} Everardo Bessa},
  journal={arXiv preprint arXiv:2203.15119},
  year={2022}
}

@article{sousa2022optiodom,
  title={Optiodom: a generic approach for odometry calibration of wheeled mobile robots},
  author={Sousa, Ricardo B and Petry, Marcelo R and Costa, Paulo G and Moreira, Ant{\'o}nio Paulo},
  journal={Journal of Intelligent \& Robotic Systems},
  volume={105},
  number={2},
  pages={39},
  year={2022},
  publisher={Springer}
}
