
@article{fu_dual_2020,
	title = {A {Dual} {Quaternion}-{Based} {Approach} for {Coordinate} {Calibration} of {Dual} {Robots} in {Collaborative} {Motion}},
	doi = {10.1109/LRA.2020.2988407},
	author = {Fu, Zhongtao and Pan, Jiabin and Spyrakos-Papastavridis, Emmanouil and Chen, Xubing and Li, Miao},
	year = {2020},
}


@inproceedings{khan_calibration_2016,
	title = {On the calibration of active binocular and {RGBD} vision systems for dual-arm robots},
	doi = {10.1109/ROBIO.2016.7866616},
	author = {Khan, Aamir and Aragon-Camarasa, Gerardo and Sun, Li and Siebert, J. Paul},
	year = {2016},
}
